<record><leader>00000cas a2200000 i 4500</leader><controlfield tag="001">936116735</controlfield><controlfield tag="006">m     o  d        </controlfield><controlfield tag="007">cr |||||||||||</controlfield><controlfield tag="008">160127d19151920nduwr neo     0   a0eng  </controlfield><datafield ind1=" " ind2=" " tag="010"><subfield code="a">  2015270796</subfield></datafield><datafield ind1=" " ind2=" " tag="040"><subfield code="a">DLC</subfield><subfield code="b">eng</subfield><subfield code="e">rda</subfield><subfield code="c">DLC</subfield><subfield code="d">OCLCF</subfield></datafield><datafield ind1="0" ind2=" " tag="022"><subfield code="a">2470-5497</subfield><subfield code="2">1</subfield></datafield><datafield ind1=" " ind2=" " tag="042"><subfield code="a">pcc</subfield><subfield code="a">nsdp</subfield></datafield><datafield ind1=" " ind2=" " tag="043"><subfield code="a">n-us-nd</subfield></datafield><datafield ind1="1" ind2="0" tag="050"><subfield code="a">ISSN RECORD</subfield></datafield><datafield ind1="1" ind2="0" tag="082"><subfield code="a">071</subfield><subfield code="2">23</subfield></datafield><datafield ind1=" " ind2="4" tag="222"><subfield code="a">The Devils Lake world and inter-ocean</subfield><subfield code="b">(Online)</subfield></datafield><datafield ind1="0" ind2="4" tag="245"><subfield code="a">The Devils Lake world and inter-ocean.</subfield></datafield><datafield ind1=" " ind2="1" tag="264"><subfield code="a">Devils Lake, North Dakota :</subfield><subfield code="b">E. M. Crary,</subfield><subfield code="c">1915-</subfield></datafield><datafield ind1=" " ind2=" " tag="300"><subfield code="a">1 online resource</subfield></datafield><datafield ind1=" " ind2=" " tag="310"><subfield code="a">Weekly</subfield></datafield><datafield ind1=" " ind2=" " tag="336"><subfield code="a">text</subfield><subfield code="b">txt</subfield><subfield code="2">rdacontent</subfield></datafield><datafield ind1=" " ind2=" " tag="337"><subfield code="a">computer</subfield><subfield code="b">c</subfield><subfield code="2">rdamedia</subfield></datafield><datafield ind1=" " ind2=" " tag="338"><subfield code="a">online resource</subfield><subfield code="b">cr</subfield><subfield code="2">rdacarrier</subfield></datafield><datafield ind1="1" ind2=" " tag="362"><subfield code="a">Began with volume V, number 5 (January 28, 1915); ceased June 30, 1920.</subfield></datafield><datafield ind1=" " ind2=" " tag="500"><subfield code="a">"Official newspaper for Ramsey County, N.D.", 1915.</subfield></datafield><datafield ind1=" " ind2=" " tag="500"><subfield code="a">"Republican."</subfield></datafield><datafield ind1=" " ind2=" " tag="530"><subfield code="a">Available on microfilm from the State Historical Society of North Dakota.</subfield></datafield><datafield ind1=" " ind2=" " tag="588"><subfield code="a">Description based on: Volume V, number 5 (January 28, 1915); title from masthead (Chroniclingamerica.loc.gov, viewed January 27, 2016).</subfield></datafield><datafield ind1=" " ind2=" " tag="588"><subfield code="a">Latest issue consulted: World Vol. 10, no. 24 (June 30, 1920)/Inter-Ocean Vol. XXXVII (Chroniclingamerica.loc.gov, viewed January 27, 2016).</subfield></datafield><datafield ind1=" " ind2="0" tag="651"><subfield code="a">Devils Lake (N.D.)</subfield><subfield code="v">Newspapers.</subfield></datafield><datafield ind1=" " ind2="7" tag="655"><subfield code="a">Newspapers.</subfield><subfield code="2">fast</subfield><subfield code="0">(OCoLC)fst01423814</subfield></datafield><datafield ind1=" " ind2="7" tag="651"><subfield code="a">North Dakota</subfield><subfield code="z">Devils Lake.</subfield><subfield code="2">fast</subfield><subfield code="0">(OCoLC)fst01221789</subfield></datafield><datafield ind1=" " ind2=" " tag="752"><subfield code="a">United States</subfield><subfield code="b">North Dakota</subfield><subfield code="c">Ramsey</subfield><subfield code="d">Devils Lake.</subfield></datafield><datafield ind1="0" ind2=" " tag="775"><subfield code="t">Devils Lake daily world (Devils Lake, N.D. : 1919)</subfield></datafield><datafield ind1="0" ind2="8" tag="776"><subfield code="i">Originally issued in print:</subfield><subfield code="t">Devils Lake world and inter-ocean</subfield><subfield code="x">2470-5489</subfield><subfield code="w">(DLC)sn 88076525</subfield><subfield code="w">(OCoLC)18298418</subfield></datafield><datafield ind1="0" ind2="4" tag="780"><subfield code="t">Devils Lake world (Devils Lake, N.D. : 1914)</subfield></datafield><datafield ind1="0" ind2="4" tag="780"><subfield code="t">Devils Lake inter-ocean (Devils Lake, N.D. : 1909)</subfield></datafield><datafield ind1="0" ind2="0" tag="785"><subfield code="t">Devils Lake world (Devils Lake, N.D. : 1920)</subfield></datafield><datafield ind1="4" ind2="0" tag="856"><subfield code="u">http://www.loc.gov/chroniclingamerica/lccn/sn88076525/issues</subfield></datafield></record>